% Bibliography


@article{ ORBSLAM ,
    title = {ORB-SLAM: a Versatile and Accurate Monocular SLAM System},
    author = {Raul Mur-Artal et. al.},
    year = {2015},
    journal = {IEEE Transactions on Robotics},
    url = {https://arxiv.org/abs/1502.00956}
}

% doi: 10.1109/ROBIO.2006.340272.
@InProceedings{ hexapodKinematics,
    title   = {Design and Kinematic Simulation for Six-DOF Leg Mechanism of Hexapod Robot},
    author  = {G. Jianhua},
    year    = {2006},
    booktitle = {IEEE International Conference on Robotics and Biomimetics},
    pages   = {625-629}
}

% Hardware modules
@unpublished{ adafruit_PCA9685,
    title   = {Adafruit PCA9685 16-Channel Servo Driver},
    author  = {Earl, B},
    year    = {2012},
    url     = {https://learn.adafruit.com/16-channel-pwm-servo-driver/python-circuitpython}
}

@unpublished{ hcsr04,
    title   = {Raspberry Pi Distance Sensor using the HC-SR04},
    author  = {Gus},
    year    = {2018},
    url     = {https://pimylifeup.com/raspberry-pi-distance-sensor/}
}


% Kinematics
@article{ foot_trajectory,
    title   = {A New Foot Trajectory Planning Method for Legged Robots and Its Application in Hexapod Robots},
    author  = {Xia, Zhang, Zhang},
    year    = {2021},
    journal = {Applied Sciences}
}

@InProceedings{ foot_placement,
    title   = {Foothold Placement Planning with a Hexapod Crawling Robot},
    eventtitle  = {IEEE/RSJ International Conference on Intelligent Robots and Systems},
    author  = {Cizek, Masri, Faigl},
    year    = {2017},
    venue   = {Vancouver, BC, Canada}
}

@unpublished{ mpu6050,
    title   = {How to Interface Arduino and the MPU 6050 Sensor},
    author  = {Sanjeev, A},
    year    = {2018},
    url     = {https://maker.pro/arduino/tutorial/how-to-interface-arduino-and-the-mpu-6050-sensor}
}

% Hexapod obstacle avoidance
@article{ obstacle,
    title   = {Obstacle avoidance and motion planning scheme for a hexapod robot Octopus-III},
    author  = {Zhao Chai Gao Qi},
    year    = {2018},
    journal = {Robotics and Autonomous Systems}
}

@book { corke, 
    title = {Robotics, Vision, and Control},
    author = {Peter Corke},
    year = {2011},
    publisher = {Springer}
}

@article {ORB, 
    title = {ORB: an efficient alternative to SIFT or SURF},
    author = { E. Ruble et. al.},
    year = {2011},
    journal = { IEEE International Conference on Computer Vision (ICCV)},
    pages = {2564- 2571}
}

@unpublished{ robotlocalization,
    title   = {robot\_localization},
    year    = {2022},
    publisher = {GitHub},
    journal = {GitHub repository},
    howpublished = {\url{https://github.com/cra-ros-pkg/robot_localization/tree/noetic-devel}}
}

@unpublished{ orb_slam_ros,
    title   = {ORB-SLAM3},
    year    = {2022},
    publisher = {GitHub},
    journal = {GitHub repository},
    howpublished = {\url{https://github.com/thien94/ORB_SLAM3}}
}

@unpublished{ orb_slam_ros_wrapper,
    title   = {orb\_slam3\_ros\_wrapper},
    year    = {2022},
    publisher = {GitHub},
    journal = {GitHub repository},
    howpublished = {\url{https://github.com/thien94/orb_slam3_ros_wrapper}}
}

@unpublished{ cameracalibration,
    title   = {camera\_calibration},
    author = {V Rabaud},
    year    = {2022},
    publisher = {wiki.ros.org},
    url = {http://wiki.ros.org/camera_calibration}
}

@unpublished{ posestamped,
    title   = {PoseStamped.msg},
    year    = {2022},
    publisher = {docs.ros.org},
    url = {http://docs.ros.org/en/noetic/api/geometry_msgs/html/msg/PoseStamped.html}
}

@unpublished{ pointcloud2,
    title   = {PointCloud2.msg},
    year    = {2022},
    publisher = {docs.ros.org},
    url = {http://docs.ros.org/en/melodic/api/sensor_msgs/html/msg/PointCloud2.html}
}

@unpublished{ imagemsg,
    title   = {Image.msg},
    year    = {2022},
    publisher = {docs.ros.org},
    url = {http://docs.ros.org/en/noetic/api/sensor_msgs/html/msg/Image.html}
}

@unpublished{ tf2,
    title   = {tf2},
    year    = {2022},
    publisher = {wiki.ros.org},
    url = {http://wiki.ros.org/tf2}
}

@unpublished{ rosnoetic,
    title   = {ROS Noetic Ninjemys},
    year    = {2022},
    publisher = {wiki.ros.org},
    url = {http://wiki.ros.org/noetic}
}

